@book{daten,
author = "Eichler, Andreas and Vogler, Markus",
title = "Leitidee Daten und Zufall - Von konkreten Beispielen zur Didaktik der Stochastik",
edition = "2. Auflage",
publisher = "Springer Verlag ",
address = "Wiesbaden",
year = "2013"}

@book{delta8,
title = "delta 8 - Mathematik für Gymnasien",
publisher = "C.C. Buchner Duden Paetec",
year = "2009"}

@book{lambacher8,
title = "Lambacher Schweizer 8, Mathematik für Gymnasien",
publisher = "Ernst Klett Verlag",
address = "Stuttgart",
year = "2009"}

@book{fischer2015einführung,
  title={Einf{\"u}hrung in die Stochastik: Die grundlegenden Fakten mit zahlreichen Erl{\"a}uterungen, Beispielen und {\"U}bungsaufgaben},
  author={Fischer, G. and Lehner, M. and Puchert, A.},
  isbn={9783658079031},
  series={Mathematik f{\"u}r das Lehramt},
  url={https://books.google.de/books?id=vSrABgAAQBAJ},
  year={2015},
  publisher={Springer Fachmedien Wiesbaden}
}

@book{IndividuelleLernwege,
  author={Ulm, Volker},
  title={Mathematik Unterricht in der Sekundarstufe für individuelle Lernwege öffnen},
edition = "3. Auflage",
  publisher="Kallmeyer Verlag in Verbindung mit Klett"
year = "2008" 
}

@book{Frey,
  author={Frey, Karl},
  title={Die Projektmethode},
  publisher="Beltz Verlag",
address = "Weilheim",
year = "2002" 
}

@misc{pm05,
  title = {{Praxis der Mathematik} Den Zufall im Griff?},
  howpublished = {\url{http://www.mathematik.uni-dortmund.de/~prediger/veroeff/05-PM-H4-Stochastik-Einfuehrung.pdf}},
  note = {Abgerufen am: 2016-06-20}
}


@misc{lp17,
  title = {{Lehrplan Mathematik} Jahrgangsstufe 8, G8},
  howpublished = {\url{http://www.isb-gym8-lehrplan.de/contentserv/3.1.neu/g8.de/index.php?StoryID=26268}},
  note = {Abgerufen am: 2017-07-01}
}

@misc{jim16,
  title = {{JIM-Studie 2016}},
  howpublished = {\url{https://www.mpfs.de/fileadmin/files/Studien/JIM/2016/JIM_Studie_2016.pdf}},
  note = {Abgerufen am: 2017-07-01}
}
@misc{klett14,
title = {Lernen durch Erklären – selbstgedrehte Erklärfilme am Unterrichtsbeispiel „Strategien und Maßnahmen zum Schutz der Erdatmosphäre in Politik und Gesellschaft“},
howpublished = {\url{http://www.klett.de/alias/1067964}},
note = {Abgerufen am: 2017-07-02}
}

@misc{ISB05,
title = {Lehrer in der Wirtschaft, Projektmanagement - Ein Leitfaden für die Schule, 2005},
howpublished = {\url{http://www.schulentwicklung.bayern.de/userfiles/PROJEKTMANAGEMENT_LEITFADEN.pdf}},
note = {Abgerufen am: 2017-07-02}
}

@misc{LBD,
title = {Videoaufnahmen im Schulunterricht},
howpublished = {\url{https://www.datenschutz-bayern.de/5/videoaufnahmen.html}},
note = {Abgerufen am: 2017-07-10}
}

@misc{LehrplanPlusMathe,
  title = {{Fachprofil Mathematik - Lehrplan Plus}},
  howpublished = {\url{http://www.lehrplanplus.bayern.de/fachprofil/gymnasium/mathematik}},
  note = {Abgerufen am: 2017-07-11}

@misc{LehrplanPlusKunst,
  title = {{{Lehrplan Kunst} Jahrgangsstufe 8, G8}},
  howpublished = {\url{http://www.isb-gym8-lehrplan.de/contentserv/3.1.neu/g8.de/index.php?StoryID=26284}},
  note = {Abgerufen am: 2017-07-11}

@misc{LehrplanPlusKunstFachprofil,
  title = {Fachprofil Kunst},
  howpublished = {\url{http://www.isb-gym8-lehrplan.de/contentserv/3.1.neu/g8.de/index.php?StoryID=26533}},
  note = {Abgerufen am: 2017-07-11}

@misc{LehrplanPlusBildungsziele,
  title = {{Das Gymnasium in Bayern - Profil und Anspruch des Gymnasiums}},
  howpublished = {\url{hhttp://www.isb-gym8-lehrplan.de/contentserv/3.1.neu/g8.de/index.php?StoryID=26350}},
  note = {Abgerufen am: 2017-07-11}
